% This file was created with JabRef 2.10.
% Encoding: UTF-8

@article{li2012,
  doi = {10.1093/biomet/asr073},
  url = {https://doi.org/10.1093/biomet/asr073},
  year = {2012},
  month = mar,
  publisher = {Oxford University Press ({OUP})},
  volume = {99},
  number = {2},
  pages = {473--480},
  author = {C. Li and B. E. Shepherd},
  title = {A new residual for ordinal outcomes},
  journal = {Biometrika}
}

@article{Daudin1980,
  doi = {10.1093/biomet/67.3.581},
  year = {1980},
  publisher = {Oxford University Press ({OUP})},
  volume = {67},
  number = {3},
  pages = {581--590},
  author = {J. J. Daudin},
  title = {Partial association measures and an application to qualitative regression},
  journal = {Biometrika}
}
