@article{parikh2022evaluating,
  title={Evaluating Causal Inference Methods},
  author={Parikh, Harsh and Varjao, Carlos and Xu, Louise and Tchetgen, Eric Tchetgen},
  journal={arXiv preprint arXiv:2202.04208},
  year={2022}
}
